@article{weka,
	author = {Mark Hall and Eibe Frank and Geoffrey Holmes and Bernhard Pfahringer and Peter Reutemann and Ian H. Witten},
	year = {2009},
	title= {The WEKA Data Mining Software: An Update},
	journal = {SIGKDD Explorations} ,
	volume = {11},
	number = {1}
}

@inproceedings{btrust,
  author    = {Daniele Quercia and
               Stephen Hailes and
               Licia Capra},
  title     = {B-Trust: Bayesian Trust Framework for Pervasive Computing},
  booktitle = {iTrust},
  year      = {2006},
  pages     = {298-312},
  ee        = {http://dx.doi.org/10.1007/11755593_22},
}
